<?xml version="1.0" encoding="UTF-8"?>
<record xmlns="http://www.loc.gov/MARC21/slim" xmlns:xsi="http://www.w3.org/2001/XMLSchema-instance" xsi:schemaLocation="http://www.loc.gov/MARC21/slim http://www.loc.gov/standards/marcxml/schema/MARC21slim.xsd">
<leader>00000cam a22      a 4500</leader>
<controlfield tag="001">001682798</controlfield>
<controlfield tag="003">NNU</controlfield>
<controlfield tag="005">20150121182631.0</controlfield>
<controlfield tag="008">890828m19559999sy            000 0 ara d</controlfield>
<datafield tag="010" ind1=" " ind2=" ">
<subfield code="a">ne 68001865</subfield>
</datafield>
<datafield tag="035" ind1=" " ind2=" ">
<subfield code="a">(OCoLC)67308966</subfield>
</datafield>
<datafield tag="040" ind1=" " ind2=" ">
<subfield code="a">EYM</subfield>
<subfield code="b">eng</subfield>
<subfield code="c">EYM</subfield>
<subfield code="d">OCLCF</subfield>
<subfield code="d">OCLCO</subfield>
<subfield code="d">NNU</subfield>
</datafield>
<datafield tag="050" ind1=" " ind2="4">
<subfield code="a">PJ7510</subfield>
<subfield code="b">.T35</subfield>
</datafield>
<datafield tag="100" ind1="1" ind2=" ">
<subfield code="6">880-01</subfield>
<subfield code="a">Ṭarābulusī, Amjad,</subfield>
<subfield code="d">1918-</subfield>
</datafield>
<datafield tag="245" ind1="1" ind2="0">
<subfield code="6">880-02</subfield>
<subfield code="a">Naẓrah tārīkhīyah fī ḥarakat al-taʼlīf ʻinda al-ʻArab,</subfield>
<subfield code="b">fī al-lughat wa al-Adab wa al-Tārīkh wa al-Jughrāfiyā /</subfield>
<subfield code="c">Amjad al-Ṭarābulusī.</subfield>
</datafield>
<datafield tag="260" ind1=" " ind2=" ">
<subfield code="6">880-03</subfield>
<subfield code="a">[Dimashq]</subfield>
<subfield code="b">Maṭbaʻat al-Jāmiʻah al-Sūrīyah,</subfield>
<subfield code="c">1955-.</subfield>
</datafield>
<datafield tag="300" ind1=" " ind2=" ">
<subfield code="a">v.</subfield>
<subfield code="c">25 cm.</subfield>
</datafield>
<datafield tag="490" ind1="1" ind2=" ">
<subfield code="6">880-04</subfield>
<subfield code="a">Durūs wa-muḥāḍarāt bi-kilīyat al-Ādāb;</subfield>
<subfield code="v">His 2</subfield>
</datafield>
<datafield tag="504" ind1=" " ind2=" ">
<subfield code="a">Bibliography: v. 1, p. [184]-[189]</subfield>
</datafield>
<datafield tag="505" ind1="1" ind2=" ">
<subfield code="a">Juzʼ 1. al-Lughah wa-al-adab-</subfield>
</datafield>
<datafield tag="650" ind1=" " ind2="0">
<subfield code="a">Arabic literature</subfield>
<subfield code="x">History and criticism.</subfield>
</datafield>
<datafield tag="650" ind1=" " ind2="7">
<subfield code="a">Arabic literature.</subfield>
<subfield code="2">fast</subfield>
<subfield code="0">(OCoLC)fst00812478</subfield>
</datafield>
<datafield tag="655" ind1=" " ind2="7">
<subfield code="a">Criticism, interpretation, etc.</subfield>
<subfield code="2">fast</subfield>
<subfield code="0">(OCoLC)fst01411635</subfield>
</datafield>
<datafield tag="776" ind1="0" ind2="8">
<subfield code="i">Online version:</subfield>
<subfield code="a">Ṭarābulusī, Amjad, 1918-</subfield>
<subfield code="t">Naẓrah tārīkhīyah fī ḥarakat al-taʼlīf ʻinda al-ʻArab.</subfield>
<subfield code="d">[Damascus] Maṭbaʻat al-Jāmiʻah al-Sūrīyah, 1955-</subfield>
<subfield code="w">(OCoLC)586477576</subfield>
</datafield>
<datafield tag="880" ind1="1" ind2=" ">
<subfield code="6">100-01/</subfield>
<subfield code="a">طرابلسي، امجد،</subfield>
<subfield code="d">1918-</subfield>
</datafield>
<datafield tag="880" ind1="1" ind2="0">
<subfield code="6">245-02/</subfield>
<subfield code="a">نظرة تاريخية في حركة التأليف عند العرب،</subfield>
<subfield code="b">في اللغة و الأدب و التاريخ و الجغرافيا /</subfield>
<subfield code="c">امجد الطرابلسي.</subfield>
</datafield>
<datafield tag="880" ind1=" " ind2=" ">
<subfield code="6">260-03/</subfield>
<subfield code="a">[دمشق]</subfield>
<subfield code="b">مطبعة الجامعة السورية،</subfield>
<subfield code="c">1955-.</subfield>
</datafield>
<datafield tag="880" ind1="1" ind2=" ">
<subfield code="6">490-04/</subfield>
<subfield code="a">دروس ومحاضرات بكلية الاداب؛</subfield>
<subfield code="v">His 2</subfield>
</datafield>
<datafield tag="830" ind1=" " ind2="0">
<subfield code="6">880-05</subfield>
<subfield code="a">Durūs wa-muḥāḍarāt bi-kilīyat al-Ādāb;</subfield>
<subfield code="v">His 2.</subfield>
</datafield>
<datafield tag="880" ind1=" " ind2="0">
<subfield code="6">830-05/</subfield>
<subfield code="a">دروس ومحاضرات بكلية الاداب؛</subfield>
<subfield code="v">His 2.</subfield>
</datafield>
<datafield tag="OWN" ind1=" " ind2=" ">
<subfield code="a">GENERAL</subfield>
</datafield>
<datafield tag="AVA" ind1=" " ind2=" ">
<subfield code="a">NYU50</subfield>
<subfield code="b">BOBST</subfield>
<subfield code="c">Main Collection</subfield>
<subfield code="d">PJ7510 .T35</subfield>
<subfield code="e">unavailable</subfield>
<subfield code="t">Unavailable</subfield>
<subfield code="f">1</subfield>
<subfield code="g">1</subfield>
<subfield code="h">Y</subfield>
<subfield code="i">0</subfield>
<subfield code="j">MAIN</subfield>
<subfield code="k">0</subfield>
</datafield>
</record>
